
%% BibFile.bib


@BOOK{BEZOS02,
  AUTHOR        = "J. Bezos",
  FULLAUTHOR    = "Javier Bezos",
  TITLE         = "The titlesec and titletoc Packages",
  MONTH         = mar,
  YEAR          = "2002"
}

@BOOK{dvipdfm,
  AUTHOR        = "Mark A. Wicks",
  TITLE         = "Dvipdfm user’s manual",
  MONTH         = sep,
  YEAR          = "1999"
}

@BOOK{dvips,
  AUTHOR        = "T. Rokicki",
  FULLAUTHOR    = "Tomas Rokicki",
  TITLE         = "Dvips: a dvi-to-postscript translator",
  MONTH         = feb,
  YEAR          = "1997"
}

@BOOK{TEXGURU99,
  AUTHOR        = "{\TeX}Guru",
  TITLE         = "{\LaTeX 2$\varepsilon$}用户手册",
  YEAR          = "1999"
}

@BOOK{OETIKER02,
  AUTHOR =       "T. Oetiker",
  FULLAUTHOR =   "Tobias Oetiker",
  TITLE =        "The Not So Short Introduction to \LaTeX2e",
  YEAR =         "2002"
}

@BOOK{guide,
  AUTHOR =       "华中科技大学研究生院",
  TITLE =        "华中科技大学研究生学位论文写作指南",
  YEAR =         "2020",
  lang          = "chinese"
}

@BOOK{standard,
  AUTHOR =       "华中科技大学研究生院",
  TITLE =        "华中科技大学博士、硕士学位论文撰写规定",
  YEAR =         "2005",
  lang          = "chinese"
}

@BOOK{modal,
  AUTHOR =       "华中科技大学研究生院",
  TITLE =        "理工科-博士-华中科技大学学位论文参考模板",
  YEAR =         "2021",
  lang          = "chinese"
}

@inbook{Collin,
  author        = "R. E. Collin",
  title         = "Field Theory of Guided Waves",
  edition       = "{2nd}",
  publisher     = "IEEE Press",
  address       = "New York, NY",
  year          = "1986",
  chapter       = "2",
  pages         = "104-105"
};


@article{Oliner_MTT_1984_09,
  author        = "A. A. Oliner",
  title         = "Historical perspectives on microwave field theory",
  journal       = IEEE_J_MTT,
  volume        = "32",
  number        = "9",
  year          = "1984",
  pages         = "1022-1045"
};


@TechReport{NPB2,
  title =        {The {NAS} Parallel Benchmarks 2.0},
  author =       {Alex Woo and David Bailey and Maurice Yarrow and Wijngaart
                 Wijngaart and Tim Harris and William Saphir},
  year =         1995,
  month =        dec # "~05",
  institution =       "The Pennsylvania State University CiteSeer Archives",
  url = "http://www.nasa.org/"
}

@inproceedings{DPMG,
  author        = {Kim, Sangbum and Woo, Namyoon and Yeom, Heon Y. and Park,
                  Taesoon and Park, Hyoungwoo},
  title         = {Design and {I}mplementation of {D}ynamic {P}rocess {M}anagement for {G}rid-enabled {MPICH}},
  booktitle     = {the 10th European PVM/MPI Users' Group Conference},
  editor        = "R. E. Collin",
  address       = {Venice, Italy},
  year          = 2003,
  month         = sep,
  pages         = "1022-1045"
}



@patent{jppat,
  author        = "U. Hideki",
  title         = "Quadrature Modulation Circuit",
  number        = "152932/92",
  day           = "20",
  month         = may,
  year          = "1992"
};


@PhdThesis{CCPT,
  author        = "R. Safavi-Naini",
  title         = "On solving waveguide junction scattering problem by the conservation of complex power technique",
  year          = 1979,
  month         = mar,
  school        = "{Univ. of Waterloo}",
  address       = "{Waterloo, Ontario, Canada}"
}

@book{graphguide,
  author        = {Keith Reckdahl and 王磊翻译},
  title         = "\LaTeXe{} 插图指南",
  year          = "1997",
  lang          = "chinese"
}

@article{AIS,
  title={人工免疫系统:原理、模型、分析及展望},
  author={肖人彬 and 王磊},
  journal={计算机学报},
  number={12},
  pages={1281-1293},
  year={2002},
  lang          = "chinese"
}

@phdthesis{jxd1996,
  title={遗传算法及其应用},
  author={金希东},
  school={西南交通大学},
  year={1996},
  lang          = "chinese"
}

@phdthesis{2010Medical,
  title={Medical image segmentation using a genetic algorithm},
  author={Ghosh, Payel},
  school={Portland State University},
  year={2010},
  lang          = "chinese"
}
